@ARTICLE{2015arXiv150604395H,
   author = {{He}, P. and {Huang}, W. and {Qiao}, Y. and {Change Loy}, C. and 
	{Tang}, X.},
    title = "{Reading Scene Text in Deep Convolutional Sequences}",
  journal = {ArXiv e-prints},
archivePrefix = "arXiv",
   eprint = {1506.04395},
 primaryClass = "cs.CV",
 keywords = {Computer Science - Computer Vision and Pattern Recognition},
     year = 2015,
    month = jun,
   adsurl = {http://adsabs.harvard.edu/abs/2015arXiv150604395H},
  adsnote = {Provided by the SAO/NASA Astrophysics Data System}
}
